@article{Simmons2011,
  title={Believable Robot Characters},
  author={Simmons, R. and Makatchev, M. and Kirby, R. and Lee, M.K. and Fanaswala, I. and Browning, B. and Forlizzi, J. and Sakr, M.},
  journal={AI Magazine},
  volume={32},
  number={4},
  pages={39--52},
  year={2011}
}

@incollection{GrozsSidner1990,
title={Plans for discourse}, 
booktitle={Intentions in communication}, 
publisher={MIT press}, 
author={B. J. Grosz and C. L. Sidner}, 
editor={P. Cohen and J. Morgan and M. Pollack}, 
year={1990}, 
pages={417--444}}

@article{Lochbaum1998,
  title={A collaborative planning model of intentional structure},
  author={K. E. Lockbaum},
  journal={Computational linguistics},
  volume={24},
  number={4},
  pages = {525--572},
  year={1998}
}


@ARTICLE{RichSidner1998,
	AUTHOR = "Charles Rich and Candace L. Sidner",
	TITLE = "COLLAGEN: A Collaboration Manager for Software Interface Agents",
	JOURNAL = "Journal of User Modeling and User-Adapted Interaction",
  VOLUME = {8},
  ISSUE = {3/4},
  PAGES = {315--350},
	YEAR = {1998}	}


@INPROCEEDINGS{Blaylock2005,
    author = {Nate Blaylock and James Allen},
    title = {A Collaborative Problem-Solving Model of Dialogue},
    booktitle = {In Proceedings of the SIGdial Workshop on Discourse and Dialog},
    year = {2005},
    pages = {200--211}
}


@INPROCEEDINGS{Becker2006,
    author = {Tilman Becker and Nate Blaylock and Ciprian Gerstenberger and Ivana Kruijff-korbayov\'{a} and Andreas Korthauer and Manfred Pinkal and Michael Pitz and Peter Poller and Jan Schehl},
    title = {Natural and intuitive multimodal dialogue for in-car applications: The SAMMIE system},
    booktitle = {In Proceedings of the ECAI Sub-Conference on Prestigious Applications of Intelligent Systems (PAIS 2006), Riva del Garda},
    year = {2006}
}

@misc{BMLweb,
  author = {BML},
  title = {Behavior {M}arkup {L}anguage 1.0 {S}tandard},
  howpublished = "\url{www.mindmakers.org/projects/bml-1-0/wiki/Wiki}", 
  note = "Accessed July 2, 2012",
  month = {July},
  year = {2012}
}

@techreport{Bui2006,
	AUTHOR = "Trung H. Bui",
	TITLE = "Multimodal dialogue management---State of the art",
  TYPE = {Technical report},
  institution = "Human Media Interaction Department, University of Twente, The Netherlands",
  month = {January},
  year = {2006}
  }


@INPROCEEDINGS{RichSidner2012,
author={Charles Rich and Candace L. Sidner},
booktitle={Proc. Int. Conf. on Intelligent Virtual Agents}, 
title={Using collaborative discourse theory to partially automate dialogue tree authoring},
year={2012}
}

@BOOK{CLIPS,
	TITLE = "Expert Systems: Principles and Programming",
  AUTHOR= "Joseph C. Giarratano and Gary D. Riley",
  PUBLISHER = "Course Technology",
	YEAR = {1998}}